<?xml version="1.0" encoding="UTF-8"?><collection xmlns="http://www.loc.gov/MARC21/slim"><record><leader>00440nam--2200181-i-4500</leader><controlfield tag="001">000020699</controlfield><controlfield tag="002">20161230</controlfield><controlfield tag="005">20170204190438</controlfield><controlfield tag="008">060222s1000------------r-----000-0-eng-d</controlfield><datafield ind1=" " ind2=" " tag="020"><subfield code="a">0-387-94</subfield></datafield><datafield ind1=" " ind2=" " tag="080"><subfield code="a">543.442.3</subfield></datafield><datafield ind1=" " ind2=" " tag="100"><subfield code="a">Zevin, Lev S</subfield></datafield><datafield ind1=" " ind2=" " tag="245"><subfield code="a">Quantitative x-ray diffractometry</subfield></datafield><datafield ind1=" " ind2=" " tag="260"><subfield code="a">New York</subfield><subfield code="b">Springer-Verlag</subfield><subfield code="c">1995</subfield></datafield><datafield ind1=" " ind2=" " tag="300"><subfield code="a">372 p</subfield></datafield><datafield ind1=" " ind2=" " tag="700"><subfield code="a">Mureinik, Inez</subfield></datafield><datafield ind1=" " ind2=" " tag="852"><subfield code="a">80595</subfield></datafield><datafield ind1=" " ind2=" " tag="CAT"><subfield code="a">SYS</subfield><subfield code="c">20170204</subfield><subfield code="h">190438</subfield></datafield></record></collection>